@MISC {dockerscan,
    title        = "Docker Security Scanning",
    howpublished = "\url{https://docs.docker.com/docker-cloud/builds/image-scan}",
    note         = "retrieved 2.5.2017"
}
